@book{simulation,
  title = {Simulation in Computer Network Design and Modeling: Use and Analysis},
  ISBN = {9781466601925},
  url = {http://dx.doi.org/10.4018/978-1-4666-0191-8}   ,
  DOI = {10.4018/978-1-4666-0191-8},
  publisher = {IGI Global},
  year = {2012},
  author = {Hussein Al-Bahadili},
  address = {}
}
@ARTICLE{6524462,
  author={Bhuyan, Monowar H. and Bhattacharyya, D. K. and Kalita, J. K.},
  journal={IEEE Communications Surveys and Tutorials}, 
  title={Network Anomaly Detection: Methods, Systems and Tools}, 
  year={2014},
  volume={16},
  number={1},
  pages={303-336},
  doi={10.1109/SURV.2013.052213.00046}
}
@inproceedings {271335,
author = {Kenjiro Cho and Koushirou Mitsuya and Akira Kato},
title = {Traffic Data Repository at the {WIDE} Project},
booktitle = {2000 USENIX Annual Technical Conference (USENIX ATC 00)},
year = {2000},
address = {San Diego, CA},
url = {https://www.usenix.org/conference/2000-usenix-annual-technical-conference/traffic-data-repository-wide-project},
publisher = {USENIX Association},
month = jun
}

@misc{traceMAWI,
  title = {Traffic Trace Info},
  author = {MAWI Working Group},
  publisher = {},
  year = {2023},
  howpublished = {\url{https://mawi.wide.ad.jp/mawi/samplepoint-F/2023/202312101400.html}},
  note = {Accessed: 26.12.2023}
}

@inproceedings {179442,
author = {Midori Kato and Kenjiro Cho and Michio Honda and Hideyuki Tokuda},
title = {Monitoring the Dynamics of Network Traffic by Recursive {Multi-Dimensional} Aggregation},
booktitle = {2012 Workshop on Managing Systems Automatically and Dynamically (MAD 12)},
year = {2012},
address = {Hollywood, CA},
url = {https://www.usenix.org/conference/mad12/workshop-program/presentation/Kato},
publisher = {USENIX Association},
month = oct
}

@ARTICLE{251892,
  author={Floyd, S. and Jacobson, V.},
  journal={IEEE/ACM Transactions on Networking}, 
  title={Random early detection gateways for congestion avoidance}, 
  year={1993},
  volume={1},
  number={4},
  pages={397-413},
  doi={10.1109/90.251892}}

@inproceedings{mawilab,
author = {Fontugne, Romain and Borgnat, Pierre and Abry, Patrice and Fukuda, Kensuke},
title = {{MAWILab: Combining Diverse Anomaly Detectors for Automated Anomaly Labeling and Performance Benchmarking}},
booktitle = {ACM CoNEXT '10},
month = {December},
year = {2010},
address = {Philadelphia, PA},
numpages = {12}
}

@INPROCEEDINGS{5061979,
  author={Borgnat, P. and Dewaele, G. and Fukuda, K. and Abry, P. and Cho, K.},
  booktitle={IEEE INFOCOM 2009}, 
  title={Seven Years and One Day: Sketching the Evolution of Internet Traffic}, 
  year={2009},
  volume={},
  number={},
  pages={711-719},
  doi={10.1109/INFCOM.2009.5061979},
  publisher={ },
  address = { }}

@ARTICLE{7878657,
  author={Fontugne, Romain and Abry, Patrice and Fukuda, Kensuke and Veitch, Darryl and Cho, Kenjiro and Borgnat, Pierre and Wendt, Herwig},
  journal={IEEE/ACM Transactions on Networking}, 
  title={Scaling in Internet Traffic: A 14 Year and 3 Day Longitudinal Study, With Multiscale Analyses and Random Projections}, 
  year={2017},
  volume={25},
  number={4},
  pages={2152-2165},
  doi={10.1109/TNET.2017.2675450}}
